<record><leader>00000cas a2200000 a 4500</leader><controlfield tag="001">45753106</controlfield><controlfield tag="008">010119d19051950oruwr ne      0    0eng c</controlfield><datafield ind1=" " ind2=" " tag="010"><subfield code="a">sn 00063679 </subfield></datafield><datafield ind1=" " ind2=" " tag="040"><subfield code="a">OCN</subfield><subfield code="b">eng</subfield><subfield code="c">OCN</subfield><subfield code="d">OCLCQ</subfield><subfield code="d">OCLCF</subfield><subfield code="d">OCLCO</subfield></datafield><datafield ind1="1" ind2=" " tag="029"><subfield code="a">AU@</subfield><subfield code="b">000022275901</subfield></datafield><datafield ind1=" " ind2=" " tag="042"><subfield code="a">pcc</subfield></datafield><datafield ind1=" " ind2=" " tag="043"><subfield code="a">n-us-or</subfield></datafield><datafield ind1="0" ind2="0" tag="245"><subfield code="a">Coos Bay harbor.</subfield></datafield><datafield ind1=" " ind2=" " tag="260"><subfield code="a">North Bend, Or. :</subfield><subfield code="b">[s.n.],</subfield><subfield code="c">-1950.</subfield></datafield><datafield ind1=" " ind2=" " tag="300"><subfield code="a">v.</subfield></datafield><datafield ind1=" " ind2=" " tag="310"><subfield code="a">Weekly</subfield></datafield><datafield ind1="1" ind2=" " tag="362"><subfield code="a">Began in 1905.</subfield></datafield><datafield ind1="0" ind2=" " tag="362"><subfield code="a">-45th year, no. 52 (Dec. 28, 1950).</subfield></datafield><datafield ind1=" " ind2=" " tag="500"><subfield code="a">1925-1940 includes newspaper published during school terms by North Bend High School students.</subfield></datafield><datafield ind1=" " ind2=" " tag="530"><subfield code="a">Also issued on microfilm from University of Oregon.</subfield></datafield><datafield ind1=" " ind2=" " tag="588"><subfield code="a">Description based on: Vol. 1, no. 2 (Jan. 14, 1905).</subfield></datafield><datafield ind1=" " ind2="0" tag="651"><subfield code="a">North Bend (Or.)</subfield><subfield code="v">Newspapers.</subfield></datafield><datafield ind1=" " ind2="0" tag="651"><subfield code="a">Coos County (Or.)</subfield><subfield code="v">Newspapers.</subfield></datafield><datafield ind1=" " ind2="7" tag="655"><subfield code="a">Newspapers.</subfield><subfield code="2">fast</subfield><subfield code="0">(OCoLC)fst01423814</subfield></datafield><datafield ind1=" " ind2="7" tag="651"><subfield code="a">Oregon</subfield><subfield code="z">Coos County.</subfield><subfield code="2">fast</subfield><subfield code="0">(OCoLC)fst01213855</subfield></datafield><datafield ind1=" " ind2="7" tag="651"><subfield code="a">Oregon</subfield><subfield code="z">North Bend.</subfield><subfield code="2">fast</subfield><subfield code="0">(OCoLC)fst01214585</subfield></datafield><datafield ind1="0" ind2="2" tag="740"><subfield code="a">Brown and gold.</subfield></datafield><datafield ind1=" " ind2=" " tag="752"><subfield code="a">United States</subfield><subfield code="b">Oregon</subfield><subfield code="c">Coos</subfield><subfield code="d">North Bend.</subfield></datafield><datafield ind1="0" ind2="0" tag="785"><subfield code="t">North Bend news and Coos Bay harbor</subfield><subfield code="w">(DLC)sn 00063680</subfield></datafield></record>